<?xml version="1.0" encoding="UTF-8"?><collection xmlns="http://www.loc.gov/MARC21/slim"><record><leader>00384nam--2200157-i-4500</leader><controlfield tag="001">000004374</controlfield><controlfield tag="002">20161230</controlfield><controlfield tag="005">20170128144842</controlfield><controlfield tag="008">060222s1000------------r-----000-0-eng-d</controlfield><datafield ind1=" " ind2=" " tag="080"><subfield code="a">539.1:001</subfield></datafield><datafield ind1=" " ind2=" " tag="100"><subfield code="a">Bohr, Niels</subfield></datafield><datafield ind1=" " ind2=" " tag="245"><subfield code="a">Atomic physics and human knowledge</subfield></datafield><datafield ind1=" " ind2=" " tag="260"><subfield code="a">New York</subfield><subfield code="b">Jon Wiley</subfield><subfield code="c">1958</subfield></datafield><datafield ind1=" " ind2=" " tag="300"><subfield code="a">VII + 101 p</subfield></datafield><datafield ind1=" " ind2=" " tag="852"><subfield code="a">13720</subfield></datafield><datafield ind1=" " ind2=" " tag="CAT"><subfield code="a">SYS</subfield><subfield code="c">20170128</subfield><subfield code="h">144842</subfield></datafield></record></collection>